@conference{analytical_benchmark,
	Address = {Pittsburgh, Pennsylvania.},
	Title = {Analytical {Benchmark} {Solution} for 1-{D} {Neutron} {Transport} coupled with {Thermal} {Conduction} and {Material} {Expansion}.},
	Author = {David P. Griesheimer and Gabriel Kooreman},
	Month = may,
	Year = {2022},
	Pages = {10}}

@article{novak2022_cardinal,
   author = {A.J. Novak and D. Andrs and P. Shriwise and J. Fang and H. Yuan and D. Shaver and E. Merzari and P.K. Romano and R.C. Martineau},
    title = {{Coupled {Monte} {Carlo} and Thermal-Fluid Modeling of High Temperature Gas Reactors Using {Cardinal}}},
  journal = {Annals of Nuclear Energy},
     year = 2022,
   volume = 177,
    pages = {109310},
      DOI = {10.1016/j.anucene.2022.109310},
}


@Article{openmc,
   author = {P.K. Romano and N.E. Horelik and B.R. Herman and A.G. Nelson and B. Forget and K. Smith},
    title = {{OpenMC: A State-of-the-Art {Monte} {Carlo} Code for Research and Development}},
  journal = {Annals of Nuclear Energy},
     year = 2015,
   volume = 82,
    pages = {90--97},
      DOI = {10.1016/j.anucene.2014.07.048},
}

@article{lindsay2022moose,
   title = {2.0 - {MOOSE}: Enabling massively parallel multiphysics simulation},
   author = {Alexander D. Lindsay and Derek R. Gaston and Cody J. Permann and Jason M. Miller and
             David Andr{\v{s}} and Andrew E. Slaughter and Fande Kong and Joshua Hansel and
             Robert W. Carlsen and Casey Icenhour and Logan Harbour and Guillaume L. Giudicelli
             and Roy H. Stogner and Peter German and Jacob Badger and Sudipta Biswas and
             Leora Chapuis and Christopher Green and Jason Hales and Tianchen Hu and Wen Jiang
             and Yeon Sang Jung and Christopher Matthews and Yinbin Miao and April Novak and
             John W. Peterson and Zachary M. Prince and Andrea Rovinelli and Sebastian Schunert
             and Daniel Schwen and Benjamin W. Spencer and Swetha Veeraraghavan and Antonio Recuero
             and Dewen Yushu and Yaqi Wang and Andy Wilkins and Christopher Wong},
    year = {2022},
 journal = {{SoftwareX}},
  volume = {20},
   pages = {101202},
    issn = {2352-7110},
     doi = {https://doi.org/10.1016/j.softx.2022.101202},
keywords = {Multiphysics, Object-oriented, Finite-element, Framework},
}

@misc{nekrs,
   author = {P. Fischer and S. Kerkemeier and M. Min and Y. Lan and M. Phillips and T. Rathnayake and E. Merzari and A. Tomboulides and A. Karakus and N. Chalmers and T. Warburton},
    title = {{NekRS, a GPU-Accelerated Spectral Element Navier-Stokes Solver}},
archivePrefix = "arXiv",
     year = 2021,
    month = apr,
     note = {arXiv:2104.05829},
      url = {https://arxiv.org/abs/2104.05829}
}